<record><leader>00000cas a22000007a 4500</leader><controlfield tag="001">27822982</controlfield><controlfield tag="008">930329d18991903caudn ne      0    0eng d</controlfield><datafield ind1=" " ind2=" " tag="010"><subfield code="a">sn 93052491 </subfield></datafield><datafield ind1=" " ind2=" " tag="040"><subfield code="a">CNK</subfield><subfield code="b">eng</subfield><subfield code="c">CNK</subfield><subfield code="d">OCLCQ</subfield></datafield><datafield ind1=" " ind2=" " tag="042"><subfield code="a">msc</subfield></datafield><datafield ind1="0" ind2=" " tag="130"><subfield code="a">Riverside morning enterprise (Riverside, Calif. : 1899)</subfield></datafield><datafield ind1="1" ind2="0" tag="245"><subfield code="a">Riverside morning enterprise.</subfield></datafield><datafield ind1=" " ind2=" " tag="260"><subfield code="a">Riverside, Cal. :</subfield><subfield code="b">Monroe &amp; Barton</subfield></datafield><datafield ind1=" " ind2=" " tag="300"><subfield code="a">v.</subfield></datafield><datafield ind1=" " ind2=" " tag="310"><subfield code="a">Daily (except Mon.)</subfield></datafield><datafield ind1="1" ind2=" " tag="362"><subfield code="a">Began in 1899.</subfield></datafield><datafield ind1="0" ind2=" " tag="362"><subfield code="a">-v. 24, no. 220 (May 31, 1903).</subfield></datafield><datafield ind1=" " ind2=" " tag="515"><subfield code="a">Numbering is irregular.</subfield></datafield><datafield ind1=" " ind2=" " tag="588"><subfield code="a">Description based on: Vol. 17, no. 31 (May 4, 1899).</subfield></datafield><datafield ind1=" " ind2="4" tag="651"><subfield code="a">Riverside County (Calif.)</subfield><subfield code="v">Newspapers.</subfield></datafield><datafield ind1=" " ind2=" " tag="752"><subfield code="a">United States</subfield><subfield code="b">California</subfield><subfield code="c">Riverside</subfield><subfield code="d">Riverside.</subfield></datafield><datafield ind1="0" ind2="0" tag="780"><subfield code="t">Riverside daily enterprise</subfield><subfield code="w">(DLC)sn 93052490</subfield></datafield><datafield ind1="0" ind2="0" tag="785"><subfield code="t">Riverside enterprise (Riverside, Calif. : 1903)</subfield><subfield code="w">(DLC)sn 93052492</subfield></datafield><datafield ind1="1" ind2=" " tag="029"><subfield code="a">AU@</subfield><subfield code="b">000020734180</subfield></datafield></record>